<record><leader>00000cas a2200000 a 4500</leader><controlfield tag="001">41561649</controlfield><controlfield tag="008">990617c19889999azuwr ne      0    0eng d</controlfield><datafield ind1=" " ind2=" " tag="010"><subfield code="a">sn 99068132 </subfield></datafield><datafield ind1=" " ind2=" " tag="040"><subfield code="a">ANN</subfield><subfield code="b">eng</subfield><subfield code="c">ANN</subfield><subfield code="d">OCLCQ</subfield><subfield code="d">OCLCF</subfield><subfield code="d">OCLCO</subfield></datafield><datafield ind1=" " ind2=" " tag="042"><subfield code="a">msc</subfield></datafield><datafield ind1=" " ind2=" " tag="043"><subfield code="a">n-us-az</subfield></datafield><datafield ind1="0" ind2="0" tag="245"><subfield code="a">Tombstone Tumbleweed.</subfield></datafield><datafield ind1="1" ind2=" " tag="246"><subfield code="i">Includes supplement:</subfield><subfield code="a">Tombstone Maverick</subfield><subfield code="f">&lt;Jan. 8-Feb. 26, 1998&gt;</subfield></datafield><datafield ind1="1" ind2=" " tag="246"><subfield code="i">Includes supplement:</subfield><subfield code="a">Tombstone nugold</subfield><subfield code="f">June 22, 2000-June 27, 2002</subfield></datafield><datafield ind1="1" ind2=" " tag="246"><subfield code="i">Includes supplement:</subfield><subfield code="a">Tombstone silver strike</subfield><subfield code="f">July 4, 2002-</subfield></datafield><datafield ind1=" " ind2=" " tag="260"><subfield code="a">Tombstone, Ariz. :</subfield><subfield code="b">Tombstone Tumbleweed,</subfield><subfield code="c">1988-</subfield></datafield><datafield ind1=" " ind2=" " tag="300"><subfield code="a">v. :</subfield><subfield code="b">ill.</subfield></datafield><datafield ind1=" " ind2=" " tag="310"><subfield code="a">Weekly</subfield></datafield><datafield ind1=" " ind2=" " tag="588"><subfield code="a">Description based on: Vol. 2, no. 16 (Dec. 28, 1988).</subfield></datafield><datafield ind1=" " ind2=" " tag="588"><subfield code="a">Latest issue consulted: Vol. 11, no. 20 (Jan. 8, 1998).</subfield></datafield><datafield ind1=" " ind2="0" tag="651"><subfield code="a">Tombstone (Ariz.)</subfield><subfield code="v">Newspapers.</subfield></datafield><datafield ind1=" " ind2="0" tag="651"><subfield code="a">Cochise County (Ariz.)</subfield><subfield code="v">Newspapers.</subfield></datafield><datafield ind1=" " ind2="7" tag="655"><subfield code="a">Newspapers.</subfield><subfield code="2">fast</subfield><subfield code="0">(OCoLC)fst01423814</subfield></datafield><datafield ind1=" " ind2="7" tag="651"><subfield code="a">Arizona</subfield><subfield code="z">Cochise County.</subfield><subfield code="2">fast</subfield><subfield code="0">(OCoLC)fst01207405</subfield></datafield><datafield ind1=" " ind2="7" tag="651"><subfield code="a">Arizona</subfield><subfield code="z">Tombstone.</subfield><subfield code="2">fast</subfield><subfield code="0">(OCoLC)fst01212318</subfield></datafield><datafield ind1=" " ind2=" " tag="752"><subfield code="a">United States</subfield><subfield code="b">Arizona</subfield><subfield code="c">Cochise</subfield><subfield code="d">Tombstone.</subfield></datafield><datafield ind1="4" ind2="1" tag="856"><subfield code="u">http://www.theriver.com/tombstonenews</subfield></datafield></record>